@book{Fullerton:2019,
	author = {Fullerton, Tracy},
	title = {Game Design Workshop A Playcentric Approach to Creating Innovative Games},
	publisher = {Taylor and Francis Group, LLC. CRC Press},
	address = {Nova York},
	year = {2019},
	type = {Book}
}
@article{barr2011bringing,
  title={Bringing computational thinking to K-12: what is Involved and what is the role of the computer science education community?},
  author={Barr, Valerie and Stephenson, Chris},
  journal={Inroads},
  volume={2},
  number={1},
  pages={48--54},
  year={2011}
}

@article{conforto2018pensamento,
	title={Pensamento computacional na educa{\c{c}}{\~a}o b{\'a}sica: interface tecnol{\'o}gica na constru{\c{c}}{\~a}o de compet{\^e}ncias do s{\'e}culo XXI},
	author={Conforto, Debora and Cavedini, Patr{\'\i}cia and Miranda, Roxane and Caetano, Saulo},
	journal={Revista Brasileira de Ensino de Ci{\^e}ncias e Matem{\'a}tica},
	volume={1},
	number={1},
	year={2018}
}

@inproceedings{batista2017aventuras,
	title={As Aventuras de Calculino: jogo para ensino de racioc{\'\i}nio l{\'o}gico},
	author={Batista, Esteic Janaina Santos and Mioto, Jessica and Bogarim, Cintia Adriana Canteiro and Lima, Anderson and Araujo, Quesia},
	booktitle={Anais dos Workshops do Congresso Brasileiro de Inform{\'a}tica na Educa{\c{c}}{\~a}o},
	volume={6},
	number={1},
	pages={451},
	year={2017}
}

@inproceedings{brackmann2017pensamento,
	title={Pensamento computacional desplugado: Ensino e avaliacao na educacao primaria espanhola},
	author={Brackmann, Christian and Boucinha, Rafael Marimon and Roman-Gonzalez, Marcos and Barone, Dante Augusto Couto and Casali, Ana},
	booktitle={Anais dos Workshops do Congresso Brasileiro de Inform{\'a}tica na Educa{\c{c}}{\~a}o},
	volume={6},
	number={1},
	pages={982},
	year={2017}
}

@article{denning2009beyond,
	title={Beyond computational thinking},
	author={Denning, Peter J},
	journal={Communications of the ACM},
	volume={52},
	number={6},
	pages={28--30},
	year={2009}
}

@inproceedings{godinho2018apreciaccao,
	title={Aprecia{\c{c}}{\~a}o da usabilidade em jogos educativos de programa{\c{c}}{\~a}o voltados para crian{\c{c}}as},
	author={Godinho, Julia and Lima, Gabriella and Santos, Nat{\'a}lia and Penna, J{\'e}ssica and Gomide, Janaina and Barbosa, Gl{\'\i}via},
	booktitle={Brazilian Symposium on Computers in Education (Simp{\'o}sio Brasileiro de Inform{\'a}tica na Educa{\c{c}}{\~a}o-SBIE)},
	volume={29},
	number={1},
	pages={1888},
	year={2018}
}

@inproceedings{gros2007design,
	title={The design of learning environments using videogames in formal education},
	author={Gros, Begona},
	booktitle={2007 First IEEE International Workshop on Digital Game and Intelligent Toy Enhanced Learning (DIGITEL'07)},
	pages={19--24},
	year={2007},
	organization={IEEE}
}

@inproceedings{hu2011computational,
	title={Computational thinking: what it might mean and what we might do about it},
	author={Hu, Chenglie},
	booktitle={Proceedings of the 16th annual joint conference on Innovation and technology in computer science education},
	pages={223--227},
	year={2011},
	organization={ACM}
}

@article{rice2012gamification,
	title={The gamification of learning and instruction: Game-based methods and strategies for training and education},
	author={Rice, John W},
	journal={International Journal of Gaming and Computer-Mediated Simulations},
	volume={4},
	number={4},
	year={2012},
	publisher={IGI Global}
}

@book{liukas2015hello,
	title={Hello Ruby: adventures in coding},
	author={Liukas, Linda},
	volume={1},
	year={2015},
	publisher={Macmillan}
}

@misc{mattar2010games,
	title={Games em educa{\c{c}}{\~a}o: como os nativos digitais aprendem},
	author={Mattar, Jo{\~a}o},
	year={2010},
	publisher={S{\~a}o Paulo: Pearson Prentice Hall}
}

@article{mayer2003promise,
	title={The promise of multimedia learning: using the same instructional design methods across different media},
	author={Mayer, Richard E},
	journal={Learning and instruction},
	volume={13},
	number={2},
	pages={125--139},
	year={2003},
	publisher={Elsevier}
}

@book{kapp2012gamification,
	title={The gamification of learning and instruction},
	author={Kapp, Karl M},
	year={2012},
	publisher={Wiley San Francisco}
}

@article{medeiros2013ensino,
	title={Ensino de programa{\c{c}}{\~a}o utilizando jogos digitais: uma revis{\~a}o sistem{\'a}tica da literatura},
	author={Medeiros, Tain{\'a} Jesus and da Silva, Thiago Reis and da Silva Aranha, Eduardo Henrique},
	journal={RENOTE},
	volume={11},
	number={3},
	year={2013}
}

@inproceedings{de2018livro,
	title={O livro do conhecimento: Um jogo de aventura para exercitar a ortografia},
	author={de Sousa Pires, Fernanda Gabriela and Michel, F{\'a}bio and Bernardo, Jo{\~a}o Ricardo Serique and Melo, Rafaela and de Freitas, Rosiane},
	booktitle={Brazilian Symposium on Computers in Education (Simp{\'o}sio Brasileiro de Inform{\'a}tica na Educa{\c{c}}{\~a}o-SBIE)},
	volume={29},
	number={1},
	pages={695},
	year={2018}
}

@inproceedings{melo2018robo,
	title={Rob{\^o} Euroi: Game de estrat{\'e}gia Matem{\'a}tica para exercitar o Pensamento Computacional},
	author={Melo, Douglas and de Sousa Pires, Fernanda Gabriela and Melo, Rafaela and J{\'u}nior, Robson James dos Reis Silva},
	booktitle={Brazilian Symposium on Computers in Education (Simp{\'o}sio Brasileiro de Inform{\'a}tica na Educa{\c{c}}{\~a}o-SBIE)},
	volume={29},
	number={1},
	pages={685},
	year={2018}
}

@book{alves2015gamification,
	title={Gamification: Como criar experi{\^e}ncias de aprendizagem engajadoras},
	author={Alves, F.},
	isbn={9788582891032},
	url={https://books.google.com.br/books?id=JnOwDQAAQBAJ},
	year={2015},
	publisher={ SÃ£o Paulo: DVS Editora}
}

@book{nielsen1994usability,
	title={Usability Engineering},
	author={Nielsen, J.},
	isbn={9780080520292},
	series={Interactive Technologies},
	url={https://books.google.com.br/books?id=DBOowF7LqIQC},
	year={1994},
	publisher={Morgan Kaufmann Publishers Inc. San Francisco, CA, USA}
}


@article{paas2003cognitive,
	title={Cognitive load theory and instructional design: Recent developments},
	author={Paas, Fred and Renkl, Alexander and Sweller, John},
	journal={Educational psychologist},
	volume={38},
	number={1},
	pages={1--4},
	year={2003},
	publisher={Taylor \& Francis}
}

@inproceedings{raabe2016ninja,
	title={Ninja Prog-Jogo de conceitos matem{\'a}ticos e l{\'o}gica de programa{\c{c}}{\~a}o},
	author={Raabe, Andr{\'e} and Santana, Andr{\'e} Maciel and others},
	booktitle={Anais dos Workshops do Congresso Brasileiro de Inform{\'a}tica na Educa{\c{c}}{\~a}o},
	volume={5},
	number={1},
	pages={159},
	year={2016}
}

@incollection{sweller2011cognitive,
	title={Cognitive load theory},
	author={Sweller, John},
	booktitle={Psychology of learning and motivation},
	volume={55},
	pages={37--76},
	year={2011},
	publisher={Elsevier}
}

@article{von2018meega+,
	title={MEEGA+ KIDS: A Model for the Evalua-tion of Educational Games for Compu-ting Education in Secondary School},
	author={von Wangenheim, Christiane Gresse and Petri, Giani and Borgatto, Adriano Ferreti},
	year={2018}
}

@article{wing2006computational,
	title={Computational thinking},
	author={Wing, Jeannette M},
	journal={Communications of the ACM},
	volume={49},
	number={3},
	pages={33--35},
	year={2006}
}

@article{papert1999logo,
	title={What is Logo? Who needs it},
	author={Papert, Seymour},
	journal={Logo philosophy and implementation},
	year={1999},
	publisher={Logo Computer Syst., Inc.}
}

@book{papert1980mindstorms,
	title={Mindstorms: Children, computers, and powerful ideas},
	author={Papert, Seymour},
	address = {Nova York},
	year={1980},
	publisher={Basic Books, Inc.}
}

@article{wing2016progress,
	title={Progress in computational thinking, and expanding the HPC community},
	author={Wing, Jeannette M and Stanzione, Dan},
	journal={Communications of the ACM},
	volume={59},
	number={7},
	pages={10--11},
	year={2016},
	publisher={ACM}
}

@inproceedings{deters2008desafio,
	title={O desafio de trabalhar com alunos repetentes na disciplina de Algoritmos e Programa{\c{c}}{\~a}o},
	author={Deters, Janice In{\^e}s and da Silva, J{\'u}lia Marques Carvalho and de Miranda, Elis{\^a}ngela Maschio and Fernandes, AMR},
	booktitle={Workshop de Ambientes de apoio {\`a} Aprendizagem de Algoritmos e Programa{\c{c}}{\~a}o},
	year={2008}
}

@inproceedings{mota2008javatool,
	title={Javatool: Uma ferramenta para o ensino de programa{\c{c}}ao},
	author={Mota, Marcelle Pereira and Pereira, Lis W Kanashiro and Favero, Eloi Luiz},
	booktitle={Congresso da Sociedade Brasileira de Computa{\c{c}}{\~a}o. Bel{\'e}m. XXVIII Congresso da Sociedade Brasileira de Computa{\c{c}}{\~a}o},
	pages={127--136},
	year={2008}
}

@article{wing2006computational,
	title={Computational thinking},
	author={Wing, Jeannette M},
	journal={Communications of the ACM},
	volume={49},
	number={3},
	pages={33--35},
	year={2006}
}

@book{papert1980mindstorms,
	title={Mindstorms: Children, computers, and powerful ideas},
	author={Papert, Seymour},
	year={1980},
	publisher={Basic Books, Inc.}
}

@inproceedings{alencar2019looking,
	title={Looking for Pets: um jogo de estrat{\'e}gia para o desenvolvimento do Pensamento Computacional},
	author={Alencar, Luiz and Pessoa, Marcela and Pires, Fernanda},
	booktitle={Anais dos Workshops do Congresso Brasileiro de Inform{\'a}tica na Educa{\c{c}}{\~a}o},
	volume={8},
	number={1},
	pages={1251},
	year={2019}
}

@article{k2016k,
	title={K-12 computer science framework},
	author={K-12 Computer Science Framework Steering Committee and others},
	year={2016},
	publisher={ACM}
}

@article{tarouco2004jogos,
	title={Jogos educacionais},
	author={Tarouco, Liane Margarida Rockenbach and Roland, Let{\'\i}cia Coelho and Fabre, Marie-Christine Julie Mascarenhas and Konrath, Mary L{\'u}cia Pedroso},
	journal={RENOTE: revista novas tecnologias na educa{\c{c}}{\~a}o [recurso eletr{\^o}nico]. Porto Alegre, RS},
	year={2004}
}

@article{moratori2003utilizar,
	title={Por que utilizar jogos educativos no processo de ensino aprendizagem},
	author={Moratori, Patrick Barbosa},
	journal={UFRJ. Rio de Janeiro},
	pages={04},
	year={2003}
}

@article{crawford1984art,
	title={The art of computer game design},
	author={Crawford, Chris},
	year={1984},
	publisher={Osborne/McGraw-Hill Berkeley, CA}
}

@article{figueiredo2011wargrafos,
	title={Wargrafos--jogo para aux{\'\i}lio na aprendizagem da disciplina de teoria dos grafos},
	author={Figueiredo, Roberto Tenorio and FIGUEIREDO, C},
	journal={X Simp{\'o}sio Brasileiro de Games e Entretenimento Digital (SBGames 2011)},
	year={2011}
}

@inproceedings{yang2016developing,
	title={On Developing the Learning Game for Graph Theory: A New Design Model Considering the Learners' Reflexiveness},
	author={Yang, Meng-Chien and Xu, Zi-Ting and Hsu, Lih-Hsing},
	booktitle={2016 5th IIAI International Congress on Advanced Applied Informatics (IIAI-AAI)},
	pages={418--422},
	year={2016},
	organization={IEEE}
}

@inproceedings{melo2019stardust,
	title={StarDust: um serious game para a aprendizagem impl{\'\i}cita de grafos},
	author={Melo, Rafaela and Silva, Douglas and Pires, Fernanda},
	booktitle={Anais dos Workshops do Congresso Brasileiro de Inform{\'a}tica na Educa{\c{c}}{\~a}o},
	volume={8},
	number={1},
	pages={1237},
	year={2019}
}

@inproceedings{melo2019aventuras,
	title={As Aventuras de Bigui{\'O}: um jogo educacional sobre coberturas e caminhos de rainhas, torres e cavalos},
	author={Melo, Douglas and Pires, Fernanda and de Freitas, Rosiane},
	booktitle={Anais dos Workshops do Congresso Brasileiro de Inform{\'a}tica na Educa{\c{c}}{\~a}o},
	volume={8},
	number={1},
	pages={1310},
	year={2019}
}

@article{wing2006computational,
	title={Computational thinking},
	author={Wing, Jeannette M},
	journal={Communications of the ACM},
	volume={49},
	number={3},
	pages={33--35},
	year={2006}
}

@inproceedings{de2018ecologic,
	title={EcoLogic: um jogo de estrat{\'e}gia para o desenvolvimento do pensamento computacional e da consci{\^e}ncia ambiental},
	author={de Sousa Pires, Fernanda Gabriela and Melo, Rafaela and Machado, Jean and Silva, Marcos S and Franzoia, Fabrizio and de Freitas, Rosiane},
	booktitle={Anais dos Workshops do Congresso Brasileiro de Inform{\'a}tica na Educa{\c{c}}{\~a}o},
	volume={7},
	number={1},
	pages={629},
	year={2018}
}

@inproceedings{goulart2019labirinto,
	title={Labirinto Sequencial: Ludicidade, Pensamento Computacional e Matem{\'a}tica},
	author={Goulart, Maria and Souza, Daniella and Goulart, Ione and Guarda, Graziela},
	booktitle={Anais dos Workshops do Congresso Brasileiro de Inform{\'a}tica na Educa{\c{c}}{\~a}o},
	volume={8},
	number={1},
	pages={318},
	year={2019}
}

@article{learning2015computational,
	title={What is computational thinking},
	author={Learning, BBC},
	journal={Recuperado de: http://www. bbc. co. uk/education/guides/zp92mp3/revision},
	year={2015}
}

@inproceedings{ferreira2019uso,
	title={O Uso da Rob{\'o}tica como Apoio {\`a} Alfabetiza{\c{c}}{\~a}o e {\`a} Introdu{\c{c}}{\~a}o do Pensamento Computacional para Crian{\c{c}}as},
	author={Ferreira, Poliana and Cordeiro, Aline and Lira, Tamiris and Carlos, Alessandra and Rodriguez, Carla},
	booktitle={Anais dos Workshops do Congresso Brasileiro de Inform{\'a}tica na Educa{\c{c}}{\~a}o},
	volume={8},
	number={1},
	pages={238},
	year={2019}
}

@article{savi2008jogos,
	title={Jogos digitais educacionais: benef{\'\i}cios e desafios},
	author={Savi, Rafael and Ulbricht, Vania Ribas},
	journal={Renote},
	volume={6},
	number={1},
	year={2008}
}

@article{lourencco2010motivaccao,
	title={A motiva{\c{c}}{\~a}o escolar e o processo de aprendizagem},
	author={Louren{\c{c}}o, Ab{\'\i}lio Afonso and De Paiva, Maria Ol{\'\i}mpia Almeida},
	journal={Ci{\^e}ncias \& Cogni{\c{c}}{\~a}o},
	volume={15},
	number={2},
	year={2010}
}

@article{papert1994maquina,
	title={A m{\'a}quina das crian{\c{c}}as},
	author={Papert, Seymour},
	journal={Porto Alegre: Artmed},
	year={1994}
}

@article{ackermann2001piaget,
	title={Piagetâs constructivism, Papertâs constructionism: Whatâs the difference},
	author={Ackermann, Edith},
	journal={Future of learning group publication},
	volume={5},
	number={3},
	pages={438},
	year={2001}
}

@book{alves2015gamification,
	title={Gamification: como criar experi{\^e}ncias de aprendizagem engajadoras},
	author={Alves, Flora},
	year={2015},
	publisher={DVS editora}
}

@article{von2018meega+,
	title={MEEGA+ KIDS: A Model for the Evalua-tion of Educational Games for Compu-ting Education in Secondary School},
	author={von Wangenheim, Christiane Gresse and Petri, Giani and Borgatto, Adriano Ferreti},
	year={2018}
}

@article{bradley1994measuring,
	title={Measuring emotion: the self-assessment manikin and the semantic differential},
	author={Bradley, Margaret M and Lang, Peter J},
	journal={Journal of behavior therapy and experimental psychiatry},
	volume={25},
	number={1},
	pages={49--59},
	year={1994},
	publisher={Elsevier}
}